@article{hoare62,
    author = {Hoare, C. A. R.},
    title = {Quicksort},
    journal = {The Computer Journal},
    volume = {5},
    number = {1},
    pages = {10-16},
    year = {1962},
    month = {01},
    issn = {0010-4620},
    doi = {10.1093/comjnl/5.1.10},
    url = {https://doi.org/10.1093/comjnl/5.1.10},
    eprint =
    {https://academic.oup.com/comjnl/article-pdf/5/1/10/1111445/050010.pdf},
}

@article{frank60,
  author = {Frank, R. M. and Lazarus, R. B.}, 
  title = {A High-Speed Sorting Procedure},
  year = {1960},
  publisher = {Association for Computing Machinery},
  address = {New York, NY, USA},
  volume = {3},
  number = {1}, 
  issn = {0001-0782}, 
  url = {https://doi.org/10.1145/366947.366957},
  doi = {10.1145/366947.366957}, 
  journal = {Commun. ACM},
  month = {01},
  pages = {20–22},
  eprint = {https://dl.acm.org/doi/pdf/10.1145/366947.366957}
}

@techreport{sorenson90,
  author = {Sorenson, J.},
  title = {An Introduction to Prime Number Sieves},
  institution = {Department of Computer Sciences, University of
    Wisconsin-Madison},
  year = {1990},
  month = {01},
  number = {909},
  address = {Madison, WI 53706},
  eprint =
  {https://research.cs.wisc.edu/techreports/1990/TR909.pdf}
}

@online{wolframfib,
	title = {Binet's Fibonacci Number Formula},
  author = {Weisstein, E.},
  organization = {From MathWorld -- A Wolfram Web Resource},
	urldate = {2022-04-01},
  url =
  {https://mathworld.wolfram.com/BinetsFibonacciNumberFormula.html},
}

@online{wolframhalley,
	title = {Halley's Method},
  author = {Weisstein, E.},
  organization = {From MathWorld -- A Wolfram Web Resource},
	urldate = {2022-04-20},
  url =
  {https://mathworld.wolfram.com/HalleysMethod.html},
}

@online{wikifib,
  title = {Fibonacci Numbers},
  organization = {Wikipedia},
  urldate = {2022-04-01},
  url = {https://en.wikipedia.org/wiki/Fibonacci_number},
}

@online{wikifisheryates,
  title = {Fisher–Yates shuffle},
  organization = {Wikipedia},
  urldate = {2024-05-04},
  url = {https://en.wikipedia.org/wiki/Fisher-Yates_shuffle},
}

@online{wikirbtree,
  title = {Red-Black tree},
  organization = {Wikipedia},
  urldate = {2024-05-05},
  url = {https://en.wikipedia.org/wiki/Red-Black_tree},
}

@online{wikiavltree,
  title = {AVL tree},
  organization = {Wikipedia},
  urldate = {2024-05-05},
  url = {https://en.wikipedia.org/wiki/AVL_tree},
}

@article{pugh90,
author = {Pugh, William},
title = {Skip lists: a probabilistic alternative to balanced trees},
year = {1990},
issue_date = {June 1990},
publisher = {Association for Computing Machinery},
address = {New York, NY, USA},
volume = {33},
number = {6},
issn = {0001-0782},
url = {https://doi.org/10.1145/78973.78977},
doi = {10.1145/78973.78977},
abstract = {Skip lists are data structures that use probabilistic balancing rather than strictly enforced balancing. As a result, the algorithms for insertion and deletion in skip lists are much simpler and significantly faster than equivalent algorithms for balanced trees.},
journal = {Commun. ACM},
month = {jun},
pages = {668–676},
numpages = {9},
keywords = {data structures, searching, trees}
}

